<?xml version='1.0' encoding='utf-8'?>
<record xmlns="http://www.loc.gov/MARC21/slim" xmlns:xsi="http://www.w3.org/2001/XMLSchema-instance">
  <leader>^^^^^nim^a2200337^a^4500</leader>
  <controlfield tag="001">003782197</controlfield>
  <controlfield tag="005">20020909000000.0</controlfield>
  <controlfield tag="007">sd^fsngnn---uu</controlfield>
  <controlfield tag="008">020909s1999^^^^miu^^n^^^^^^^^^z^^^^eng^d</controlfield>
  <datafield tag="020" ind1=" " ind2=" ">
    <subfield code="a">0967399610</subfield>
  </datafield>
  <datafield tag="035" ind1=" " ind2=" ">
    <subfield code="a">(OCoLC)ocm43711943</subfield>
  </datafield>
  <datafield tag="040" ind1=" " ind2=" ">
    <subfield code="a">EYB</subfield>
    <subfield code="c">EYB</subfield>
    <subfield code="d">BEU</subfield>
  </datafield>
  <datafield tag="245" ind1="0" ind2="0">
    <subfield code="a">Echoes of Tiger Stadium</subfield>
    <subfield code="h">[sound recording] /</subfield>
    <subfield code="c">created by Joe Falls.</subfield>
  </datafield>
  <datafield tag="260" ind1=" " ind2=" ">
    <subfield code="a">Southfield, MI :</subfield>
    <subfield code="b">Primeau Productions, Inc.,</subfield>
    <subfield code="c">c1999.</subfield>
  </datafield>
  <datafield tag="300" ind1=" " ind2=" ">
    <subfield code="a">3 sound discs :</subfield>
    <subfield code="b">digital ;</subfield>
    <subfield code="c">4 3/4 in.</subfield>
  </datafield>
  <datafield tag="500" ind1=" " ind2=" ">
    <subfield code="a">Compact disc.</subfield>
  </datafield>
  <datafield tag="500" ind1=" " ind2=" ">
    <subfield code="a">"WJR" --disc.</subfield>
  </datafield>
  <datafield tag="505" ind1="0" ind2=" ">
    <subfield code="a">[CD 1]: Introduction / George Cantor -- Kirk Gibson -- Fr. Vincent Horken -- Willie Horton -- Jim Schmakel -- Jim Price -- Ted Williams -- Paul Carey -- Virgil Trucks -- Jack Morris -- Frank Fenick -- Frank Beckmanan -- Mayor Dennis Archer -- Tom Gage -- Tony Clark -- John McHale, Jr.</subfield>
  </datafield>
  <datafield tag="505" ind1="0" ind2=" ">
    <subfield code="a">[CD 2]: Gates Brown -- Larry Parrish -- Mark Fidrych -- Dave Bergman -- Max Lapides -- Sonny Eliot -- George Kell -- John Hiller -- Mickey Stanley -- Bob Talbert -- Earl Wilson -- Denny McLain -- Harmon Killebrew -- Ernie Harwell -- Charlie Maxwell -- Ralph Snyder -- Al Kaline -- Steve Boros -- Fred Smith -- Billy Rogell -- Alan Trammell -- Bill Freehan.</subfield>
  </datafield>
  <datafield tag="505" ind1="0" ind2=" ">
    <subfield code="a">[CD 3]: Mike Ilitch -- Mickey Lolich -- Sparky Anderson -- Jim Northrup -- Irwin Cohen -- Dan Petry -- Dan Ewald -- Jim Hendricks -- Lance Parrish -- Frank Tanana -- Jim Bunning -- Paul W. Smith -- Conclusion.</subfield>
  </datafield>
  <datafield tag="520" ind1=" " ind2=" ">
    <subfield code="a">Joe Falls has been a sports writer for 53 years. He has covered the Detroit Tigers for the past 47 years. He has seen over 5,000 major league games and written 4 books on the Tigers. This set is a collection of stories he has collected from those who have called Tiger Stadium their home. A good history of this old ball park.</subfield>
  </datafield>
  <datafield tag="610" ind1="2" ind2="0">
    <subfield code="a">Tiger Stadium (Detroit, Mich.)</subfield>
    <subfield code="x">History.</subfield>
  </datafield>
  <datafield tag="610" ind1="2" ind2="0">
    <subfield code="a">Detroit Tigers (Baseball team)</subfield>
    <subfield code="x">History.</subfield>
  </datafield>
  <datafield tag="650" ind1=" " ind2="0">
    <subfield code="a">Baseball players</subfield>
    <subfield code="z">Michigan</subfield>
    <subfield code="z">Detroit</subfield>
  </datafield>
  <datafield tag="651" ind1=" " ind2="0">
    <subfield code="a">Detroit (Mich.)</subfield>
    <subfield code="x">History</subfield>
    <subfield code="x">20th century.</subfield>
  </datafield>
  <datafield tag="700" ind1="1" ind2=" ">
    <subfield code="a">Falls, Joe.</subfield>
  </datafield>
  <datafield tag="710" ind1="2" ind2=" ">
    <subfield code="a">Primeau Productions, inc.</subfield>
  </datafield>
  <datafield tag="852" ind1="8" ind2=" ">
    <subfield code="a">MiU-H</subfield>
    <subfield code="b">BENT</subfield>
    <subfield code="h">02122 Aa 2</subfield>
  </datafield>
  <datafield tag="998" ind1=" " ind2=" ">
    <subfield code="c">LAC</subfield>
  </datafield>
  <datafield tag="955" ind1=" " ind2=" ">
    <subfield code="b">BENT</subfield>
    <subfield code="p">B1620384</subfield>
  </datafield>
</record>
